@Manual{AndersonBollerslev,
  title =        {Answering the skeptics: Yes, standard volatility models do
                  provide accurate forecasts},
  author =       {Andersen and Bollerslev},
  year =         {1998},
  url =          {http://public.econ.duke.edu/~boller/Published_Papers/ier_98.pdf},
}

@Manual{FinancialDataAnalysis,
  title =        {Variance Forecasting and Realized Volatility},
  author =       {Markus Haas},
  year =         {2014},
  url =          {https://www.empiwifo.uni-freiburg.de/lehre-teaching-1/summer-term-14/Material%20Financial%20Data%20Analysis/realized},
}

@Manual{MonthlyVol,
  title =        {Predicting the monthly volatility of the
                  EuroStoxx 50 using data sampled at
                  different frequencies},
  author =       {Ñíguez, Trino-Manuel},
  year =         {2008},
  url =          {https://orff.uc3m.es/bitstream/handle/10016/11395/predicting_niguez_IFL_WP.pdf;jsessionid=129AA96FBE65A587C6B4A964D4682513?sequence=1},
}

@Manual{Garch,
  title =        {Generalized Autoregressive Conditional Heteroskedasticity},
  author =       {Bollerslev},
  year =         {1986},
  url =          {http://citeseerx.ist.psu.edu/viewdoc/download?doi=10.1.1.468.2892&rep=rep1&type=pdf},
}

@Manual{Kaggle,
  title =        {Kaggle Data},
  author =       {Zielak},
  year =         {2017},
  url =          {https://www.kaggle.com/mczielinski/bitcoin-historical-data},
}